
@online{_ComparisonOther,
  title = {Comparison with Other Frameworks — {{Chainer}} 3.3.0 Documentation},
  url = {https://docs.chainer.org/en/stable/comparison.html},
  urldate = {2018-01-31},
  file = {C\:\\Users\\p\\Zotero\\storage\\IM8YB9QJ\\comparison.html},
  keywords = {packages}
}

@online{_GNUOctave_2018,
  title = {About {{GNU Octave}}},
  date = {2018},
  url = {https://www.gnu.org/software/octave/about.html},
  urldate = {2018-01-13},
  keywords = {\#nosource}
}

@online{_MldataRepository,
  title = {Mldata :: {{Repository}} :: {{Data}} :: {{Public Archive}}},
  url = {http://mldata.org/repository/data/},
  urldate = {2018-02-02},
  file = {C\:\\Users\\p\\Zotero\\storage\\6AU4KR7J\\data.html}
}

@article{Abadi_TensorFlowLargescale_2016,
  title = {{{TensorFlow}}: Large-Scale Machine Learning on Heterogeneous Distributed Systems},
  author = {Abadi, Martín and Agarwal, Ashish and Barham, Paul and Brevdo, Eugene and Chen, Zhifeng and Citro, Craig and Corrado, Gregory S. and Davis, Andy and Dean, Jeffrey and Devin, Matthieu and Ghemawat, Sanjay and Goodfellow, Ian J. and Harp, Andrew and Irving, Geoffrey and Isard, Michael and Jia, Yangqing and Józefowicz, Rafal and Kaiser, Lukasz and Kudlur, Manjunath and Levenberg, Josh and Mané, Dan and Monga, Rajat and Moore, Sherry and Murray, Derek Gordon and Olah, Chris and Schuster, Mike and Shlens, Jonathon and Steiner, Benoit and Sutskever, Ilya and Talwar, Kunal and Tucker, Paul A. and Vanhoucke, Vincent and Vasudevan, Vijay and Viégas, Fernanda B. and Vinyals, Oriol and Warden, Pete and Wattenberg, Martin and Wicke, Martin and Yu, Yuan and Zheng, Xiaoqiang},
  date = {2016-03-16},
  journaltitle = {CoRR},
  volume = {abs/1603.04467v2},
  url = {https://arxiv.org/abs/1603.04467v2},
  archivePrefix = {arXiv},
  eprint = {1603.04467v2},
  eprinttype = {arxiv},
  file = {C\:\\Users\\p\\Nextcloud\\Bibliothek\\Zotero Lib\\2018 BTH - Machine Learning mit Python\\Abadi et al-2016-TensorFlow2.pdf},
  keywords = {packages},
  primaryClass = {cs.DC}
}

@inproceedings{Abadi_TensorFlowSystem_2016,
  title = {{{TensorFlow}}: A System for Large-Scale Machine Learning},
  booktitle = {Proceedings of the 12th {{USENIX Symposium}} on {{Operating Systems Design}} and {{Implementation}} ({{OSDI}} 2016)},
  author = {Abadi, Martín and Barham, Paul and Chen, Jianmin and Chen, Zhifeng and Davis, Andy and Dean, Jeffrey and Devin, Matthieu and Ghemawat, Sanjay and Irving, Geoffrey and Isard, Michael and Kudlur, Manjunath and Levenberg, Josh and Monga, Rajat and Moore, Sherry and Murray, Derek G. and Steiner, Benoit and Tucker, Paul and Vasudevan, Vijay and Warden, Pete and Wicke, Martin and Yu, Yuan and Zheng, Xiaoqiang},
  date = {2016-11},
  pages = {265--283},
  publisher = {{USENIX Association}},
  location = {{Savannah, GA}},
  url = {https://www.usenix.org/conference/osdi16/technical-sessions/presentation/abadi},
  file = {C\:\\Users\\p\\Nextcloud\\Bibliothek\\Zotero Lib\\2018 BTH - Machine Learning mit Python\\Abadi et al-2016-TensorFlow.pdf},
  isbn = {978-1-931971-33-1},
  keywords = {packages}
}

@article{Al-Rfou_TheanoPython_2016,
  title = {Theano: {{A Python}} Framework for Fast Computation of Mathematical Expressions},
  author = {Al-Rfou, Rami and Alain, Guillaume and Almahairi, Amjad and Angermüller, Christof and Bahdanau, Dzmitry and Ballas, Nicolas and Bastien, Frédéric and Bayer, Justin and Belikov, Anatoly and Belopolsky, Alexander and Bengio, Yoshua and Bergeron, Arnaud and Bergstra, James and Bisson, Valentin and Snyder, Josh Bleecher and Bouchard, Nicolas and Boulanger-Lewandowski, Nicolas and Bouthillier, Xavier and family=Brébisson, given=Alexandre, prefix=de, useprefix=true and Breuleux, Olivier and Carrier, Pierre Luc and Cho, Kyunghyun and Chorowski, Jan and Christiano, Paul F. and Cooijmans, Tim and Côté, Marc-Alexandre and Côté, Myriam and Courville, Aaron C. and Dauphin, Yann N. and Delalleau, Olivier and Demouth, Julien and Desjardins, Guillaume and Dieleman, Sander and Dinh, Laurent and Ducoffe, Melanie and Dumoulin, Vincent and Kahou, Samira Ebrahimi and Erhan, Dumitru and Fan, Ziye and Firat, Orhan and Germain, Mathieu and Glorot, Xavier and Goodfellow, Ian J. and Graham, Matthew and Gülçehre, ¸Caglar and Hamel, Philippe and Harlouchet, Iban and Heng, Jean-Philippe and Hidasi, Balázs and Honari, Sina and Jain, Arjun and Jean, Sébastien and Jia, Kai and Korobov, Mikhail and Kulkarni, Vivek and Lamb, Alex and Lamblin, Pascal and Larsen, Eric and Laurent, César and Lee, Sean and Lefrançois, Simon and Lemieux, Simon and Léonard, Nicholas and Lin, Zhouhan and Livezey, Jesse A. and Lorenz, Cory and Lowin, Jeremiah and Ma, Qianli and Manzagol, Pierre-Antoine and Mastropietro, Olivier and McGibbon, Robert and Memisevic, Roland and family=Merriënboer, given=Bart, prefix=van, useprefix=true and Michalski, Vincent and Mirza, Mehdi and Orlandi, Alberto and Pal, Christopher Joseph and Pascanu, Razvan and Pezeshki, Mohammad and Raffel, Colin and Renshaw, Daniel and Rocklin, Matthew and Romero, Adriana and Roth, Markus and Sadowski, Peter and Salvatier, John and Savard, François and Schlüter, Jan and Schulman, John and Schwartz, Gabriel and Serban, Iulian Vlad and Serdyuk, Dmitriy and Shabanian, Samira and Simon, Étienne and Spieckermann, Sigurd and Subramanyam, S. Ramana and Sygnowski, Jakub and Tanguay, Jérémie and family=Tulder, given=Gijs, prefix=van, useprefix=true and Turian, Joseph P. and Urban, Sebastian and Vincent, Pascal and Visin, Francesco and family=Vries, given=Harm, prefix=de, useprefix=true and Warde-Farley, David and Webb, Dustin J. and Willson, Matthew and Xu, Kelvin and Xue, Lijun and Yao, Li and Zhang, Saizheng and Zhang, Ying},
  date = {2016-05-09},
  journaltitle = {CoRR},
  volume = {abs/1605.02688v1},
  url = {https://arxiv.org/abs/1605.02688v1},
  archivePrefix = {arXiv},
  eprint = {1605.02688v1},
  eprinttype = {arxiv},
  file = {C\:\\Users\\p\\Nextcloud\\Bibliothek\\Zotero Lib\\2018 BTH - Machine Learning mit Python\\Al-Rfou et al-2016-Theano.pdf},
  keywords = {packages},
  primaryClass = {cs.SC}
}

@article{Albanese_MlpyMachine_2012,
  title = {{{mlpy:}} Machine Learning {{Python}}},
  shorttitle = {Mlpy},
  author = {Albanese, Davide and Visintainer, Roberto and Merler, Stefano and Riccadonna, Samantha and Jurman, Giuseppe and Furlanello, Cesare},
  date = {2012-03-01},
  journaltitle = {CoRR},
  volume = {abs/1202.6548v2},
  url = {http://arxiv.org/abs/1202.6548v2},
  urldate = {2018-01-30},
  archivePrefix = {arXiv},
  eprint = {1202.6548v2},
  eprinttype = {arxiv},
  file = {C\:\\Users\\p\\Nextcloud\\Bibliothek\\Zotero Lib\\2018 BTH - Machine Learning mit Python\\Albanese et al-2012-mlpy.pdf;C\:\\Users\\p\\Zotero\\storage\\R8S35SFI\\1202.html},
  keywords = {applications,packages},
  primaryClass = {cs.MS}
}

@article{Bahrampour_ComparativeStudy_2015,
  title = {Comparative Study of Deep Learning Software Frameworks},
  author = {Bahrampour, Soheil and Ramakrishnan, Naveen and Schott, Lukas and Shah, Mohak},
  date = {2015-11-19},
  url = {http://arxiv.org/abs/1511.06435},
  urldate = {2018-02-01},
  archivePrefix = {arXiv},
  eprint = {1511.06435},
  eprinttype = {arxiv},
  file = {C\:\\Users\\p\\Nextcloud\\Bibliothek\\Zotero Lib\\2018 BTH - Machine Learning mit Python\\Bahrampour et al-2015-Comparative Study of Deep Learning Software Frameworks2.pdf;C\:\\Users\\p\\Zotero\\storage\\PPGUBBJ9\\1511.html},
  keywords = {caffe,comparison,neon,tensorflow,theano,torch},
  primaryClass = {cs}
}

@inproceedings{Bahrampour_ComparativeStudy_2016,
  title = {Comparative Study of {{Caffe}}, {{Neon}}, {{Theano}}, and {{Torch}} for Deep Learning},
  booktitle = {Workshop Track - {{ICLR}} 2016},
  author = {Bahrampour, Soheil and Ramakrishnan, Naveen and Schott, Lukas and Shah, Mohak},
  date = {2016-02-17},
  location = {{San Juan, Puerto Rico}},
  url = {https://openreview.net/forum?id=q7kEN7WoXU8LEkD3t7BQ&noteId=q7kEN7WoXU8LEkD3t7BQ},
  urldate = {2018-02-01},
  eventtitle = {International {{Conference}} on {{Learning Representations}} 2016},
  file = {C\:\\Users\\p\\Nextcloud\\Bibliothek\\Zotero Lib\\2018 BTH - Machine Learning mit Python\\Bahrampour et al-2016-Comparative Study of Caffe, Neon, Theano, and Torch for Deep Learning.pdf;C\:\\Users\\p\\Zotero\\storage\\YSTL8GTR\\forum.html},
  keywords = {caffe,comparison,neon,theano,torch}
}

@article{Behnel_CythonBest_2011,
  title = {Cython: The Best of Both Worlds},
  shorttitle = {Cython},
  author = {Behnel, Stefan and Bradshaw, Robert and Citro, Craig and Dalcin, Lisandro and Seljebotn, Dag Sverre and Smith, Kurt},
  date = {2011-03},
  journaltitle = {Computing in Science \& Engineering},
  volume = {13},
  pages = {31--39},
  issn = {1521-9615},
  doi = {10.1109/MCSE.2010.118},
  url = {http://ieeexplore.ieee.org/document/5582062/},
  urldate = {2018-01-30},
  file = {C\:\\Users\\p\\Nextcloud\\Bibliothek\\Zotero Lib\\2018 BTH - Machine Learning mit Python\\Behnel et al-2011-Cython.pdf},
  keywords = {base,cython,numpy},
  number = {2}
}

@article{Bengio_LearningDeep_2009,
  title = {Learning Deep Architectures for {{AI}}},
  author = {Bengio, Yoshua},
  date = {2009-11-15},
  journaltitle = {MAL},
  volume = {2},
  pages = {1--127},
  issn = {1935-8237, 1935-8245},
  doi = {10.1561/2200000006},
  url = {https://www.nowpublishers.com/article/Details/MAL-006},
  urldate = {2018-03-22},
  file = {C\:\\Users\\p\\Nextcloud\\Bibliothek\\Zotero Lib\\2018 BTH - Machine Learning mit Python\\Bengio-2009-Learning Deep Architectures for AI3.pdf;C\:\\Users\\p\\Zotero\\storage\\5R6LT59X\\MAL-006.html},
  keywords = {base},
  langid = {english},
  number = {1}
}

@inproceedings{Bergstra_TheanoCPU_2010,
  title = {Theano: A {{CPU}} and {{GPU}} Math Compiler in {{Python}}},
  shorttitle = {Theano},
  booktitle = {Proceedings of the 9th {{Python}} in {{Science Conference}}},
  author = {Bergstra, James and Breuleux, Olivier and Bastien, Frédéric and Lamblin, Pascal and Pascanu, Razvan and Desjardins, Guillaume and Turian, Joseph and Warde-Farley, David and Bengio, Yoshua},
  date = {2010},
  pages = {1--7},
  file = {C\:\\Users\\p\\Nextcloud\\Bibliothek\\Zotero Lib\\2018 BTH - Machine Learning mit Python\\Bergstra et al-2010-Theano.pdf},
  keywords = {packages}
}

@book{Bishop_PatternRecognition_2006,
  title = {Pattern Recognition and Machine Learning},
  author = {Bishop, Christopher M.},
  date = {2006},
  publisher = {{Springer}},
  location = {{New York, NY}},
  file = {C\:\\Users\\p\\Nextcloud\\Bibliothek\\Zotero Lib\\2018 BTH - Machine Learning mit Python\\Bishop-2006-Pattern recognition and machine learning.pdf},
  isbn = {978-0-387-31073-2},
  keywords = {base},
  pagetotal = {738},
  series = {Information {{Science}} and {{Statistics}}}
}

@incollection{Bloice_TutorialMachine_2016,
  title = {A Tutorial on Machine Learning and Data Science Tools with {{Python}}},
  booktitle = {Machine {{Learning}} for {{Health Informatics}}},
  author = {Bloice, Marcus D. and Holzinger, Andreas},
  date = {2016},
  pages = {435--480},
  publisher = {{Springer, Cham}},
  doi = {10.1007/978-3-319-50478-0_22},
  url = {https://link.springer.com/chapter/10.1007/978-3-319-50478-0_22},
  urldate = {2018-02-01},
  file = {C\:\\Users\\p\\Zotero\\storage\\6ARXD8HR\\978-3-319-50478-0_22.html},
  isbn = {978-3-319-50477-3 978-3-319-50478-0},
  keywords = {_obtain,comparison},
  langid = {english},
  series = {Lecture {{Notes}} in {{Computer Science}}}
}

@article{Carrasquilla_MachineLearning_2017,
  title = {Machine Learning Phases of Matter},
  author = {Carrasquilla, Juan and Melko, Roger G.},
  date = {2017-02-13},
  journaltitle = {Nature Physics},
  volume = {13},
  pages = {431--434},
  doi = {10.1038/nphys4035},
  url = {http://dx.doi.org/10.1038/nphys4035},
  file = {C\:\\Users\\p\\Nextcloud\\Bibliothek\\Zotero Lib\\2018 BTH - Machine Learning mit Python\\Carrasquilla_Melko-2017-Machine learning phases of matter.pdf},
  keywords = {applications,tensorflow}
}

@article{Cervone_MathJaxPlatform_2012,
  title = {{{MathJax}}: A Platform for Mathematics on the Web},
  shorttitle = {{{MathJax}}},
  author = {Cervone, Davide},
  date = {2012-02-01},
  journaltitle = {Notices of the American Mathematical Society},
  volume = {59},
  pages = {312--316},
  issn = {1088-9477},
  doi = {10.1090/noti794},
  url = {http://www.ams.org/jourcgi/jour-getitem?pii=noti794},
  urldate = {2018-01-30},
  file = {C\:\\Users\\p\\Nextcloud\\Bibliothek\\Zotero Lib\\2018 BTH - Machine Learning mit Python\\Cervone-2012-MathJax.pdf},
  keywords = {base,jupyter,mathjax},
  langid = {english},
  number = {2}
}

@article{Chetlur_CuDNNEfficient_2014,
  title = {{{cuDNN}}: Efficient Primitives for Deep Learning},
  author = {Chetlur, Sharan and Woolley, Cliff and Vandermersch, Philippe and Cohen, Jonathan and Tran, John and Catanzaro, Bryan and Shelhamer, Evan},
  date = {2014-12-18},
  journaltitle = {CoRR},
  volume = {abs/1410.0759v3},
  url = {http://arxiv.org/abs/1410.0759v3},
  archivePrefix = {arXiv},
  eprint = {1410.0759v3},
  eprinttype = {arxiv},
  file = {C\:\\Users\\p\\Nextcloud\\Bibliothek\\Zotero Lib\\2018 BTH - Machine Learning mit Python\\Chetlur et al-2014-cuDNN.pdf},
  keywords = {base},
  primaryClass = {cs.NE}
}

@inproceedings{Collobert_Torch7Matlablike_2011,
  title = {Torch7: {{A Matlab}}-like Environment for Machine Learning},
  shorttitle = {Torch7},
  booktitle = {Big Learning, {{NIPS}} 2011 Workshop on Algorithms, Systems, and Tools for Learning at Scale},
  author = {Collobert, Ronan and Kavukcuoglu, Koray and Farabet, Clément},
  date = {2011-12},
  location = {{Sierra Nevada}},
  file = {C\:\\Users\\p\\Nextcloud\\Bibliothek\\Zotero Lib\\2018 BTH - Machine Learning mit Python\\Collobert et al-2011-Torch7.pdf},
  keywords = {packages}
}

@report{Collobert_TorchModular_2002,
  title = {Torch: A Modular Machine Learning Software Library},
  author = {Collobert, Ronan and Bengio, Samy and Mariéthoz, Johnny},
  date = {2002-10-30},
  institution = {{IDIAP}},
  url = {http://publications.idiap.ch/index.php/publications/show/712},
  file = {C\:\\Users\\p\\Nextcloud\\Bibliothek\\Zotero Lib\\2018 BTH - Machine Learning mit Python\\Collobert et al-2002-Torch.pdf},
  keywords = {packages},
  number = {IDIAP-RR-46-2002}
}

@article{Demsar_OrangeData_2013,
  title = {Orange: Data Mining Toolbox in Python},
  shorttitle = {Orange},
  author = {Demšar, Janez and Curk, Tomaž and Erjavec, Aleš and Gorup, Črt and Hočevar, Tomaž and Milutinovič, Mitar and Možina, Martin and Polajnar, Matija and Toplak, Marko and Starič, Anže and Štajdohar, Miha and Umek, Lan and Žagar, Lan and Žbontar, Jure and Žitnik, Marinka and Zupan, Blaž},
  date = {2013-08},
  journaltitle = {J. Mach. Learn. Res.},
  volume = {14},
  pages = {2349--2353},
  file = {C\:\\Users\\p\\Nextcloud\\Bibliothek\\Zotero Lib\\2018 BTH - Machine Learning mit Python\\Demšar et al-2013-Orange.pdf},
  keywords = {packages},
  langid = {english},
  number = {1}
}

@article{DeSmedt_PatternPython_2012,
  title = {Pattern for {{Python}}},
  author = {De Smedt, Tom and Daelemans, Walter},
  date = {2012-06},
  journaltitle = {J. Mach. Learn. Res.},
  volume = {13},
  pages = {2063--2067},
  file = {C\:\\Users\\p\\Nextcloud\\Bibliothek\\Zotero Lib\\2018 BTH - Machine Learning mit Python\\De Smedt_Daelemans-2012-Pattern for Python.pdf},
  keywords = {packages},
  sortname = {Smedt, Tom De}
}

@online{Diebold_AllMachine,
  title = {All of Machine Learning in One Expression},
  author = {Diebold, Francis},
  url = {https://fxdiebold.blogspot.com/2017/01/all-of-machine-learning-in-one.html},
  urldate = {2018-01-31},
  file = {C\:\\Users\\p\\Zotero\\storage\\UVKUHN7C\\all-of-machine-learning-in-one.html}
}

@article{Domingos_FewUseful_2012,
  title = {A Few Useful Things to Know about Machine Learning},
  author = {Domingos, Pedro},
  date = {2012-10-01},
  journaltitle = {Communications of the ACM},
  volume = {55},
  pages = {78--87},
  issn = {00010782},
  doi = {10.1145/2347736.2347755},
  url = {http://dl.acm.org/citation.cfm?doid=2347736.2347755},
  urldate = {2018-03-21},
  file = {C\:\\Users\\p\\Nextcloud\\Bibliothek\\Zotero Lib\\_\\Domingos-2012-A few useful things to know about machine learning.pdf},
  keywords = {_important,base},
  langid = {english},
  number = {10}
}

@inproceedings{Domingos_UnifiedBiasvariance_2000,
  title = {A Unified Bias-Variance Decomposition and Its Applications},
  booktitle = {Proceedings of the {{Seventeenth International Conference}} on {{Machine Learning}}},
  author = {Domingos, Pedro},
  date = {2000},
  pages = {231--238},
  publisher = {{Morgan Kaufmann}},
  location = {{San Francisco, CA, USA}},
  url = {http://dl.acm.org/citation.cfm?id=645529.657784},
  acmid = {657784},
  file = {C\:\\Users\\p\\Nextcloud\\Bibliothek\\Zotero Lib\\2018 BTH - Machine Learning mit Python\\Domingos-2000-A Unified Bias-Variance Decomposition and Its Applications.pdf},
  isbn = {1-55860-707-2},
  keywords = {base},
  numpages = {8},
  series = {{{ICML}} '00}
}

@article{Druzhkov_SurveyDeep_2016,
  title = {A Survey of Deep Learning Methods and Software Tools for Image Classification and Object Detection},
  author = {Druzhkov, Paul N. and Kustikova, Valentina D.},
  date = {2016-01-01},
  journaltitle = {Pattern Recognit. Image Anal.},
  volume = {26},
  pages = {9--15},
  issn = {1054-6618, 1555-6212},
  doi = {10.1134/S1054661816010065},
  url = {https://link.springer.com/article/10.1134/S1054661816010065},
  urldate = {2018-02-01},
  file = {C\:\\Users\\p\\Nextcloud\\Bibliothek\\Zotero Lib\\2018 BTH - Machine Learning mit Python\\Druzhkov_Kustikova-2016-A Survey of Deep Learning Methods and Software Tools for Image Classification.pdf;C\:\\Users\\p\\Zotero\\storage\\4KEC2TVR\\S1054661816010065.html},
  keywords = {caffe,comparison,crino,deepnet,hebel,pylearn2,theano,torch},
  langid = {english},
  number = {1}
}

@inproceedings{Du_OverviewDeep_2016,
  title = {Overview of Deep Learning},
  booktitle = {2016 31st {{Youth Academic Annual Conference}} of {{Chinese Association}} of {{Automation}} ({{YAC}})},
  author = {Du, Xuedan and Cai, Yinghao and Wang, Shuo and Zhang, Leijie},
  date = {2016-11},
  pages = {159--164},
  doi = {10.1109/YAC.2016.7804882},
  eventtitle = {2016 31st {{Youth Academic Annual Conference}} of {{Chinese Association}} of {{Automation}} ({{YAC}})},
  file = {C\:\\Users\\p\\Zotero\\storage\\5GJGN7AJ\\7804882.html},
  keywords = {caffe,comparison,tensorflow,theano,torch}
}

@online{DVC_DataScienceVersionControl_2019,
  title = {Data {{Science Version Control System}}},
  url = {https://dvc.org/},
  urldate = {2019-03-16},
  file = {C\:\\Users\\p\\Zotero\\storage\\X7QY2XF2\\dvc.org.html},
  keywords = {software-cite}
}

@collection{EMC_Data_2015,
  title = {Data Science \& Big Data Analytics: Discovering, Analyzing, Visualizing and Presenting Data},
  shorttitle = {Data Science \& Big Data Analytics},
  editor = {{EMC Education Services}},
  date = {2015},
  publisher = {{Wiley}},
  location = {{Indianapolis, IN}},
  file = {C\:\\Users\\p\\Nextcloud\\Bibliothek\\Zotero Lib\\2018 BTH - Machine Learning mit Python\\EMC Education Services-2015-Data Science & Big Data Analytics.pdf},
  isbn = {978-1-118-87613-8},
  keywords = {books},
  pagetotal = {410}
}

@inproceedings{Ferreira_MachineLearning_2017,
  title = {Machine Learning with {{Python}}},
  author = {Ferreira, Pedro and Simons, Chris},
  date = {2017-04-28},
  publisher = {{Association of C and C++ Users}},
  location = {{Bristol, UK}},
  url = {http://www.accu.org},
  urldate = {2018-02-01},
  eventtitle = {2017 {{Conference}} of the {{Association}} of {{C}} and {{C}}++ {{Users}} ({{ACCU}} 2017)},
  file = {C\:\\Users\\p\\Nextcloud\\Bibliothek\\Zotero Lib\\2018 BTH - Machine Learning mit Python\\Ferreira et al-2017-Machine learning with Python.pdf;C\:\\Users\\p\\Zotero\\storage\\SPU2KEVT\\31735.html},
  keywords = {applications},
  langid = {english}
}

@report{Fox_SoftwareFrameworks_2016,
  title = {Software Frameworks for Deep Learning at Scale},
  author = {Fox, James and Zou, Yiming and Qiu, Judy},
  date = {2016},
  file = {C\:\\Users\\p\\Zotero\\storage\\CFUYL8IF\\065c17cf5d0a7f916ffdb18cbf695fd846e8.pdf},
  keywords = {caffe,cntk,comparison,mxnet,tensorflow,theano,torch},
  series = {Internal {{Indiana University Technical Report}}}
}

@book{Goodfellow_DeepLearning_2016,
  title = {Deep Learning},
  author = {Goodfellow, Ian J. and Bengio, Yoshua and Courville, Aaron C.},
  date = {2016},
  publisher = {{MIT Press}},
  url = {http://www.deeplearningbook.org/},
  isbn = {978-0-262-03561-3},
  keywords = {\#nosource,books},
  series = {Adaptive Computation and Machine Learning}
}

@article{Goodfellow_Pylearn2Machine_2013,
  title = {Pylearn2: A Machine Learning Research Library},
  shorttitle = {Pylearn2},
  author = {Goodfellow, Ian J. and Warde-Farley, David and Lamblin, Pascal and Dumoulin, Vincent and Mirza, Mehdi and Pascanu, Razvan and Bergstra, James and Bastien, Frédéric and Bengio, Yoshua},
  date = {2013-08-20},
  journaltitle = {CoRR},
  volume = {abs/1308.4214v1},
  url = {https://arxiv.org/abs/1308.4214v1},
  urldate = {2018-01-31},
  archivePrefix = {arXiv},
  eprint = {1308.4214v1},
  eprinttype = {arxiv},
  file = {C\:\\Users\\p\\Nextcloud\\Bibliothek\\Zotero Lib\\2018 BTH - Machine Learning mit Python\\Goodfellow et al-2013-Pylearn2.pdf;C\:\\Users\\p\\Zotero\\storage\\3R9IZMBJ\\1308.html},
  keywords = {_unmaintained,packages},
  primaryClass = {stat.ML}
}

@article{Hall_WEKAData_2009,
  title = {The {{WEKA}} Data Mining Software: An Update},
  shorttitle = {The {{WEKA Data Mining Software}}},
  author = {Hall, Mark and Frank, Eibe and Holmes, Geoffrey and Pfahringer, Bernhard and Reutemann, Peter and Witten, Ian H.},
  date = {2009-11},
  journaltitle = {ACM SIGKDD Explorations Newsletter},
  volume = {11},
  pages = {10--18},
  issn = {1931-0145},
  doi = {10.1145/1656274.1656278},
  url = {http://doi.acm.org/10.1145/1656274.1656278},
  urldate = {2018-02-01},
  file = {C\:\\Users\\p\\Nextcloud\\Bibliothek\\Zotero Lib\\2018 BTH - Machine Learning mit Python\\Hall et al-2009-The WEKA Data Mining Software.pdf},
  keywords = {packages},
  number = {1}
}

@inproceedings{Hammerschmidt_FlexibleStatemerging_2017,
  title = {Flexible State-Merging for Learning ({{P}}){{DFAs}} in {{Python}}},
  booktitle = {Proceedings of {{The}} 13th {{International Conference}} on {{Grammatical Inference}}},
  author = {Hammerschmidt, Christian and Loos, Benjamin and State, Radu and Engel, Thomas},
  date = {2017-10},
  volume = {57},
  pages = {154--159},
  publisher = {{PMLR}},
  location = {{Delft}},
  url = {http://proceedings.mlr.press/v57/hammerschmidt16.html},
  file = {C\:\\Users\\p\\Nextcloud\\Bibliothek\\Zotero Lib\\2018 BTH - Machine Learning mit Python\\Hammerschmidt et al-2017-Flexible State-Merging for learning (P)DFAs in Python.pdf},
  keywords = {applications,packages},
  series = {Proceedings of {{Machine Learning Research}}}
}

@book{Hastie_ElementsStatistical_2009,
  title = {The Elements of Statistical Learning: Data Mining, Inference, and Prediction},
  shorttitle = {The {{Elements}} of {{Statistical Learning}}},
  author = {Hastie, Trevor and Tibshirani, Robert and Friedman, Jerome},
  date = {2009},
  edition = {2., korr.},
  publisher = {{Springer}},
  location = {{New York, NY}},
  doi = {10.1007/b94608},
  file = {C\:\\Users\\p\\Nextcloud\\Bibliothek\\Zotero Lib\\2018 BTH - Machine Learning mit Python\\Hastie et al-2009-The Elements of Statistical Learning2.pdf},
  isbn = {978-0-387-84857-0},
  keywords = {books},
  note = {Online verfügbar: \url{https://web.stanford.edu/~hastie/ElemStatLearn/}},
  pagetotal = {745},
  series = {Springer {{Series}} in {{Statistics}}}
}

@article{Hunter_Matplotlib2D_2007,
  title = {Matplotlib: A {{2D}} Graphics Environment},
  shorttitle = {Matplotlib},
  author = {Hunter, John D.},
  date = {2007},
  journaltitle = {Computing in Science \& Engineering},
  volume = {9},
  pages = {90--95},
  issn = {1521-9615},
  doi = {10.1109/MCSE.2007.55},
  url = {http://ieeexplore.ieee.org/document/4160265/},
  urldate = {2018-01-30},
  file = {C\:\\Users\\p\\Nextcloud\\Bibliothek\\Zotero Lib\\2018 BTH - Machine Learning mit Python\\Hunter-2007-Matplotlib.pdf},
  keywords = {base,ipython,matplotlib,numpy,scipy},
  number = {3}
}

@book{Ivezic_StatisticsData_2014,
  title = {Statistics, Data Mining, and Machine Learning in Astronomy: A Practical {{Python}} Guide for the Analysis of Survey Data},
  shorttitle = {Statistics, {{Data Mining}}, and {{Machine Learning}} in {{Astronomy}}},
  author = {Ivezić, Ž‌eljko and Connolly, Andrew J. and VanderPlas, Jacob T. and Gray, Alexander},
  date = {2014},
  publisher = {{Princeton University Press}},
  location = {{Princeton, NJ}},
  file = {C\:\\Users\\p\\Nextcloud\\Bibliothek\\Zotero Lib\\2018 BTH - Machine Learning mit Python\\Ivezić et al-2014-Statistics, Data Mining, and Machine Learning in Astronomy.pdf},
  isbn = {978-0-691-15168-7},
  keywords = {books},
  pagetotal = {540},
  series = {Princeton {{Series}} in {{Modern Observational Astronomy}}}
}

@article{Jia_CaffeConvolutional_2014,
  title = {Caffe: Convolutional Architecture for Fast Feature Embedding},
  author = {Jia, Yangqing and Shelhamer, Evan and Donahue, Jeff and Karayev, Sergey and Long, Jonathan and Girshick, Ross B. and Guadarrama, Sergio and Darrell, Trevor},
  date = {2014-06-20},
  journaltitle = {CoRR},
  volume = {abs/1408.5093v1},
  url = {http://arxiv.org/abs/1408.5093v1},
  archivePrefix = {arXiv},
  eprint = {1408.5093v1},
  eprinttype = {arxiv},
  file = {C\:\\Users\\p\\Nextcloud\\Bibliothek\\Zotero Lib\\2018 BTH - Machine Learning mit Python\\Jia et al-2014-Caffe.pdf},
  keywords = {packages},
  primaryClass = {cs.CV}
}

@online{Jones_SciPyOpen_2001,
  title = {{{SciPy}}: {{Open}} Source Scientific Tools for {{Python}}},
  author = {Jones, Eric and Oliphant, Travis and Peterson, Pearu and others},
  date = {2001/},
  url = {http://www.scipy.org/},
  urldate = {2018-01-31},
  keywords = {\#nosource,base}
}

@inproceedings{Jovic_OverviewFree_2014,
  title = {An Overview of Free Software Tools for General Data Mining},
  booktitle = {2014 37th {{International Convention}} on {{Information}} and {{Communication Technology}}, {{Electronics}} and {{Microelectronics}} ({{MIPRO}})},
  author = {Jovic, Alan and Brkic, Karla and Bogunovic, Nikola},
  date = {2014-05},
  pages = {1112--1117},
  doi = {10.1109/MIPRO.2014.6859735},
  eventtitle = {2014 37th {{International Convention}} on {{Information}} and {{Communication Technology}}, {{Electronics}} and {{Microelectronics}} ({{MIPRO}})},
  file = {C\:\\Users\\p\\Nextcloud\\Bibliothek\\Zotero Lib\\2018 BTH - Machine Learning mit Python\\Jovic et al-2014-An overview of free software tools for general data mining.pdf;C\:\\Users\\p\\Zotero\\storage\\4BT5KF8R\\6859735.html},
  keywords = {comparison,orange,scikit-learn,scikits}
}

@inproceedings{Kluyver_JupyterNotebooks_2016,
  title = {Jupyter {{Notebooks}} -- a Publishing Format for Reproducible Computational Workflows},
  booktitle = {Proceedings of the 20th {{International Conference}} on {{Electronic Publishing}}},
  author = {Kluyver, Thomas and Ragan-Kelley, Benjamin and Pérez, Fernando and Granger, Brian and Bussonnier, Matthias and Frederic, Jonathan and Kelley, Kyle and Hamrick, Jessica and Grout, Jason and Corlay, Sylvain and Ivanov, Paul and Avila, Damián and Abdalla, Safia and Willing, Carol and {Jupyter Development Team}},
  date = {2016},
  pages = {87--90},
  publisher = {{IOS Press}},
  location = {{Göttingen}},
  doi = {10.3233/978-1-61499-649-1-87},
  url = {http://www.medra.org/servlet/aliasResolver?alias=iospressISBN&isbn=978-1-61499-648-4&spage=87&doi=10.3233/978-1-61499-649-1-87},
  urldate = {2018-01-30},
  eventtitle = {20th {{Conference}} on {{Electronic Publishing}}},
  file = {C\:\\Users\\p\\Nextcloud\\Bibliothek\\Zotero Lib\\2018 BTH - Machine Learning mit Python\\Kluyver et al-2016-Jupyter Notebooks - a publishing format for reproducible computational workflows.pdf},
  keywords = {base,ipython,jupyter}
}

@article{Kochura_ComparativeAnalysis_2017,
  title = {Comparative Analysis of Open Source Frameworks for Machine Learning with Use Case in Single-Threaded and Multi-Threaded Modes},
  author = {Kochura, Yuriy and Stirenko, Sergii and Rojbi, Anis and Alienin, Oleg and Novotarskiy, Michail and Gordienko, Yuri},
  date = {2017},
  journaltitle = {CoRR},
  volume = {abs/1706.02248v1},
  url = {http://arxiv.org/abs/1706.02248v1},
  archivePrefix = {arXiv},
  eprint = {1706.02248v1},
  eprinttype = {arxiv},
  file = {C\:\\Users\\p\\Nextcloud\\Bibliothek\\Zotero Lib\\2018 BTH - Machine Learning mit Python\\Kochura et al-2017-Comparative Analysis of Open Source Frameworks for Machine Learning with Use.pdf},
  keywords = {comparison,tensorflow},
  primaryClass = {cs.LG}
}

@inproceedings{Kochura_PerformanceAnalysis_2018,
  title = {Performance Analysis of Open Source Machine Learning Frameworks for Various Parameters in Single-Threaded and Multi-Threaded Modes},
  booktitle = {Advances in {{Intelligent Systems}} and {{Computing II}}},
  author = {Kochura, Yuriy and Stirenko, Sergii and Alienin, Oleg and Novotarskiy, Michail and Gordienko, Yuri},
  editor = {Shakhovska, Natalia and Stepashko, Volodymyr},
  date = {2018},
  pages = {243--256},
  publisher = {{Springer International Publishing}},
  location = {{Cham}},
  isbn = {978-3-319-70581-1},
  keywords = {_obtain,\#nosource,comparison,tensorflow}
}

@inproceedings{Kovalev_DeepLearning_2016,
  title = {Deep Learning with {{Theano}}, {{Torch}}, {{Caffe}}, {{Tensorflow}}, and {{Deeplearning4J}}: Which One Is the Best in Speed and Accuracy?},
  shorttitle = {Deep {{Learning}} with {{Theano}}, {{Torch}}, {{Caffe}}, {{Tensorflow}}, and {{Deeplearning4J}}},
  booktitle = {2016. {{PATTERN RECOGNITION AND INFORMATION PROCESSING}} ({{PRIP}}’2016)},
  author = {Kovalev, Vassili and Kalinovsky, Alexander and Kovalev, Sergey},
  date = {2016-10-03},
  pages = {99--103},
  url = {http://elib.bsu.by/handle/123456789/158561},
  urldate = {2018-02-01},
  file = {C\:\\Users\\p\\Nextcloud\\Bibliothek\\Zotero Lib\\2018 BTH - Machine Learning mit Python\\Kovalev et al-2016-Deep Learning with Theano, Torch, Caffe, Tensorflow, and Deeplearning4J.pdf;C\:\\Users\\p\\Zotero\\storage\\SAMY7QTW\\158561.html},
  keywords = {caffe,comparison,keras,tensorflow,theano,torch},
  langid = {english}
}

@inproceedings{Kruchinin_ComparisonDeep_2015,
  title = {Comparison of Deep Learning Libraries on the Problem of Handwritten Digit Classification},
  booktitle = {Analysis of {{Images}}, {{Social Networks}} and {{Texts}}},
  author = {Kruchinin, Dmitry and Dolotov, Evgeny and Kornyakov, Kirill and Kustikova, Valentina and Druzhkov, Pavel},
  date = {2015-04-09},
  pages = {399--411},
  publisher = {{Springer, Cham}},
  doi = {10.1007/978-3-319-26123-2_38},
  url = {https://link.springer.com/chapter/10.1007/978-3-319-26123-2_38},
  urldate = {2018-02-01},
  eventtitle = {International {{Conference}} on {{Analysis}} of {{Images}}, {{Social Networks}} and {{Texts}}},
  file = {C\:\\Users\\p\\Zotero\\storage\\U4UGLLGS\\978-3-319-26123-2_38.html},
  isbn = {978-3-319-26122-5 978-3-319-26123-2},
  keywords = {_obtain,caffe,comparison,pylearn2,theano,torch},
  langid = {english},
  series = {Communications in {{Computer}} and {{Information Science}}}
}

@collection{Langley_ProceedingsSeventeenth_2000,
  title = {Proceedings of the Seventeenth International Conference on Machine Learning ({{ICML}} 2000), {{Stanford University}}, {{Stanford}}, {{CA}}, {{USA}}, {{June}} 29 - {{July}} 2, 2000},
  editor = {Langley, Pat},
  date = {2000},
  publisher = {{Morgan Kaufmann}},
  bibsource = {dblp computer science bibliography, https://dblp.org},
  biburl = {https://dblp.org/rec/bib/conf/icml/2000},
  isbn = {1-55860-707-2},
  keywords = {\#nosource}
}

@book{MacKay_InformationTheory_2003,
  title = {Information Theory, Inference, and Learning Algorithms},
  author = {MacKay, David J. C.},
  date = {2003},
  publisher = {{Cambridge University Press}},
  location = {{Cambridge}},
  file = {C\:\\Users\\p\\Nextcloud\\Bibliothek\\Zotero Lib\\2018 BTH - Machine Learning mit Python\\MacKay-2003-Information theory, inference, and learning algorithms.pdf},
  isbn = {978-0-521-64298-9},
  keywords = {books},
  pagetotal = {640}
}

@inproceedings{Markovnikov_DeepNeural_2017,
  title = {Deep Neural Networks in Russian Speech Recognition},
  booktitle = {Artificial {{Intelligence}} and {{Natural Language}}},
  author = {Markovnikov, Nikita and Kipyatkova, Irina and Karpov, Alexey and Filchenkov, Andrey},
  date = {2017-09-20},
  pages = {54--67},
  publisher = {{Springer, Cham}},
  doi = {10.1007/978-3-319-71746-3_5},
  url = {https://link.springer.com/chapter/10.1007/978-3-319-71746-3_5},
  urldate = {2018-02-01},
  eventtitle = {Conference on {{Artificial Intelligence}} and {{Natural Language}}},
  file = {C\:\\Users\\p\\Zotero\\storage\\JSJ7FXFG\\978-3-319-71746-3_5.html},
  isbn = {978-3-319-71745-6 978-3-319-71746-3},
  keywords = {_obtain,comparison},
  langid = {english},
  series = {Communications in {{Computer}} and {{Information Science}}}
}

@inproceedings{McKinney_DataStructures_2010,
  title = {Data Structures for Statistical Computing in {{Python}}},
  booktitle = {Proceedings of the 9th {{Python}} in {{Science Conference}}},
  author = {McKinney, Wes},
  date = {2010-06},
  volume = {445},
  pages = {51--56},
  location = {{Austin, TX}},
  file = {C\:\\Users\\p\\Nextcloud\\Bibliothek\\Zotero Lib\\2018 BTH - Machine Learning mit Python\\McKinney-2010-Data Structures for Statistical Computing in Python.pdf},
  keywords = {applications,base,numpy,pandas,scipy}
}

@book{McKinney_PythonData_2012,
  title = {Python for Data Analysis},
  author = {McKinney, Wes},
  date = {2012},
  publisher = {{O'Reilly}},
  location = {{Sebastopol, CA}},
  file = {C\:\\Users\\p\\Nextcloud\\Bibliothek\\Zotero Lib\\2018 BTH - Machine Learning mit Python\\McKinney-2013-Python for Data Analysis.pdf},
  isbn = {978-1-4493-1979-3},
  keywords = {books,numpy,pandas,scipy},
  pagetotal = {447}
}

@article{McQueen_MegamanScalable_2016,
  title = {Megaman: Scalable Manifold Learning in {{Python}}},
  shorttitle = {Megaman},
  author = {McQueen, James and Meilă, Marina and VanderPlas, Jacob and Zhang, Zhongyue},
  date = {2016-08},
  journaltitle = {J. Mach. Learn. Res.},
  volume = {17},
  pages = {5176--5180},
  file = {C\:\\Users\\p\\Nextcloud\\Bibliothek\\Zotero Lib\\2018 BTH - Machine Learning mit Python\\McQueen et al-2016-Megaman.pdf},
  keywords = {applications,packages},
  number = {1}
}

@article{Meurer_SymPySymbolic_2017,
  title = {{{SymPy}}: Symbolic Computing in {{Python}}},
  shorttitle = {{{SymPy}}},
  author = {Meurer, Aaron and Smith, Christopher P. and Paprocki, Mateusz and Čertík, Ondřej and Kirpichev, Sergey B. and Rocklin, Matthew and Kumar, AMiT and Ivanov, Sergiu and Moore, Jason K. and Singh, Sartaj and Rathnayake, Thilina and Vig, Sean and Granger, Brian E. and Muller, Richard P. and Bonazzi, Francesco and Gupta, Harsh and Vats, Shivam and Johansson, Fredrik and Pedregosa, Fabian and Curry, Matthew J. and Terrel, Andy R. and Roučka, Štěpán and Saboo, Ashutosh and Fernando, Isuru and Kulal, Sumith and Cimrman, Robert and Scopatz, Anthony},
  date = {2017-01-02},
  journaltitle = {PeerJ Comput. Sci.},
  volume = {3},
  pages = {1--27},
  issn = {2376-5992},
  doi = {10.7717/peerj-cs.103},
  url = {https://peerj.com/articles/cs-103},
  urldate = {2018-01-30},
  file = {C\:\\Users\\p\\Nextcloud\\Bibliothek\\Zotero Lib\\2018 BTH - Machine Learning mit Python\\Meurer et al-2017-SymPy.pdf},
  keywords = {ipython,packages,sympy},
  langid = {english},
  number = {e103}
}

@article{Millman_PythonScientists_2011,
  title = {Python for Scientists and Engineers},
  author = {Millman, K. Jarrod and Aivazis, Michael},
  date = {2011-03},
  journaltitle = {Computing in Science \& Engineering},
  volume = {13},
  pages = {9--12},
  issn = {1521-9615},
  doi = {10.1109/MCSE.2011.36},
  url = {http://ieeexplore.ieee.org/document/5725235/},
  urldate = {2018-01-30},
  file = {C\:\\Users\\p\\Nextcloud\\Bibliothek\\Zotero Lib\\2018 BTH - Machine Learning mit Python\\Millman_Aivazis-2011-Python for Scientists and Engineers.pdf},
  keywords = {base,numpy,scipy},
  number = {2}
}

@book{Mitchell_MachineLearning_1997,
  title = {Machine Learning},
  author = {Mitchell, Tom M.},
  date = {1997},
  publisher = {{McGraw-Hill}},
  location = {{Boston, MA}},
  url = {http://www.worldcat.org/oclc/61321007},
  bibsource = {dblp computer science bibliography, https://dblp.org},
  biburl = {https://dblp.org/rec/bib/books/daglib/0087929},
  file = {C\:\\Users\\p\\Nextcloud\\Bibliothek\\Zotero Lib\\2018 BTH - Machine Learning mit Python\\Mitchell-1997-Machine learning.pdf},
  isbn = {978-0-07-042807-2},
  keywords = {base},
  pagetotal = {414},
  series = {{{McGraw Hill}} Series in Computer Science}
}

@article{Montjoye_BandicootPython_2016,
  title = {Bandicoot: A {{Python}} Toolbox for Mobile Phone Metadata},
  shorttitle = {Bandicoot},
  author = {family=Montjoye, given=Yves-Alexandre, prefix=de, useprefix=false and Rocher, Luc and Pentland, Alex Sandy},
  date = {2016},
  journaltitle = {J. Mach. Learn. Res.},
  volume = {17},
  pages = {1--5},
  url = {http://www.jmlr.org/papers/v17/15-593.html},
  file = {C\:\\Users\\p\\Nextcloud\\Bibliothek\\Zotero Lib\\2018 BTH - Machine Learning mit Python\\de Montjoye et al-2016-bandicoot.pdf},
  keywords = {applications,packages},
  number = {175}
}

@article{Mullainathan_MachineLearning_2017,
  title = {Machine Learning: An Applied Econometric Approach},
  author = {Mullainathan, Sendhil and Spiess, Jann},
  date = {2017-05},
  journaltitle = {Journal of Economic Perspectives},
  volume = {31},
  pages = {87--106},
  doi = {10.1257/jep.31.2.87},
  url = {http://www.aeaweb.org/articles?id=10.1257/jep.31.2.87},
  file = {C\:\\Users\\p\\Nextcloud\\Bibliothek\\Zotero Lib\\2018 BTH - Machine Learning mit Python\\Mullainathan_Spiess-2017-Machine Learning.pdf},
  keywords = {applications},
  number = {2}
}

@article{Muller_PyStruct_2014,
  title = {{{PyStruct}} - Learning Structured Prediction in {{Python}}},
  shorttitle = {{{PyStruct}}},
  author = {Müller, Andreas C. and Behnke, Sven},
  date = {2014-06},
  journaltitle = {J. Mach. Learn. Res.},
  volume = {15},
  pages = {2055--2060},
  url = {http://jmlr.org/papers/v15/mueller14a.html},
  file = {C\:\\Users\\p\\Nextcloud\\Bibliothek\\Zotero Lib\\2018 BTH - Machine Learning mit Python\\Müller_Behnke-2014-Pystruct.pdf},
  keywords = {packages}
}

@article{Neubig_DyNetDynamic_2017,
  title = {{{DyNet}}: The Dynamic Neural Network Toolkit},
  author = {Neubig, Graham and Dyer, Chris and Goldberg, Yoav and Matthews, Austin and Ammar, Waleed and Anastasopoulos, Antonios and Ballesteros, Miguel and Chiang, David and Clothiaux, Daniel and Cohn, Trevor and Duh, Kevin and Faruqui, Manaal and Gan, Cynthia and Garrette, Dan and Ji, Yangfeng and Kong, Lingpeng and Kuncoro, Adhiguna and Kumar, Gaurav and Malaviya, Chaitanya and Michel, Paul and Oda, Yusuke and Richardson, Matthew and Saphra, Naomi and Swayamdipta, Swabha and Yin, Pengcheng},
  date = {2017-01-15},
  journaltitle = {CoRR},
  volume = {abs/1701.03980v1},
  url = {https://arxiv.org/abs/1701.03980v1},
  archivePrefix = {arXiv},
  eprint = {1701.03980v1},
  eprinttype = {arxiv},
  keywords = {\#nosource,packages},
  primaryClass = {stat.ML}
}

@book{Nocedal_NumericalOptimization_2006,
  title = {Numerical Optimization},
  author = {Nocedal, Jorge and Wright, Stephen J.},
  date = {2006},
  edition = {2},
  publisher = {{Springer}},
  location = {{New York}},
  file = {C\:\\Users\\p\\Nextcloud\\Bibliothek\\Zotero Lib\\2018 BTH - Machine Learning mit Python\\Nocedal_Wright-2006-Numerical Optimization.pdf},
  isbn = {978-0-387-30303-1},
  keywords = {base},
  langid = {english},
  series = {Springer {{Series}} in {{Operations Research}} and {{Financial Engineering}}}
}

@article{Oliphant_PythonScientific_2007,
  title = {Python for Scientific Computing},
  author = {Oliphant, Travis E.},
  date = {2007-06-18},
  journaltitle = {Computing in Science \& Engineering},
  volume = {9},
  pages = {10--20},
  issn = {1521-9615},
  doi = {10.1109/MCSE.2007.58},
  file = {C\:\\Users\\p\\Nextcloud\\Bibliothek\\Zotero Lib\\2018 BTH - Machine Learning mit Python\\Oliphant-2007-Python for Scientific Computing.pdf},
  keywords = {base,numpy,scipy},
  number = {3}
}

@inproceedings{Pafka_MachineLearning_2017,
  title = {Machine Learning Software in Practice: Quo Vadis?},
  booktitle = {Proceedings of the 23rd {{ACM SIGKDD International Conference}} on {{Knowledge Discovery}} and {{Data Mining}}},
  author = {Pafka, Szilárd},
  date = {2017},
  pages = {25--25},
  publisher = {{ACM}},
  location = {{Halifax, NS, Canada}},
  doi = {10.1145/3097983.3106683},
  url = {http://doi.acm.org/10.1145/3097983.3106683},
  file = {C\:\\Users\\p\\Nextcloud\\Bibliothek\\Zotero Lib\\2018 BTH - Machine Learning mit Python\\Pafka-2017-Machine Learning Software in Practice.pdf},
  isbn = {978-1-4503-4887-4},
  keywords = {_important},
  series = {{{KDD}} '17}
}

@inproceedings{Papernot_PracticalBlackbox_2017,
  title = {Practical Black-Box Attacks against Machine Learning},
  booktitle = {Proceedings of the 2017 {{ACM}} on {{Asia Conference}} on {{Computer}} and {{Communications Security}}},
  author = {Papernot, Nicolas and McDaniel, Patrick and Goodfellow, Ian and Jha, Somesh and Celik, Z. Berkay and Swami, Ananthram},
  date = {2017},
  pages = {506--519},
  publisher = {{ACM}},
  location = {{Abu Dhabi, UAE}},
  doi = {10.1145/3052973.3053009},
  url = {http://doi.acm.org/10.1145/3052973.3053009},
  eventtitle = {{{ASIA CCS}} 2017},
  file = {C\:\\Users\\p\\Nextcloud\\Bibliothek\\Zotero Lib\\2018 BTH - Machine Learning mit Python\\Papernot et al-2017-Practical Black-Box Attacks Against Machine Learning.pdf},
  isbn = {978-1-4503-4944-4},
  keywords = {applications},
  series = {{{ASIA CCS}} '17}
}

@article{Pedregosa_ScikitlearnMachine_2011,
  title = {Scikit-Learn: Machine Learning in {{Python}}},
  author = {Pedregosa, Fabian and Varoquaux, Gaël and Gramfort, Alexandre and Michel, Vincent and Thirion, Bertrand and Grisel, Olivier and Blondel, Mathieu and Prettenhofer, Peter and Weiss, Ron and Dubourg, Vincent and Vanderplas, Jake and Passos, Alexandre and Cournapeau, David and Brucher, Matthieu and Perrot, Matthieu and Duchesnay, Édouard},
  date = {2011-10},
  journaltitle = {J. Mach. Learn. Res.},
  volume = {12},
  pages = {2825--2830},
  file = {C\:\\Users\\p\\Nextcloud\\Bibliothek\\Zotero Lib\\2018 BTH - Machine Learning mit Python\\Pedregosa et al-2011-Scikit-learn.pdf},
  keywords = {packages,scikits}
}

@article{Perez_IPythonSystem_2007,
  title = {{{IPython}}: A System for Interactive Scientific Computing},
  shorttitle = {{{IPython}}},
  author = {Perez, Fernando and Granger, Brian E.},
  date = {2007},
  journaltitle = {Computing in Science \& Engineering},
  volume = {9},
  pages = {21--29},
  issn = {1521-9615},
  doi = {10.1109/MCSE.2007.53},
  url = {http://ieeexplore.ieee.org/document/4160251/},
  urldate = {2018-01-30},
  file = {C\:\\Users\\p\\Nextcloud\\Bibliothek\\Zotero Lib\\2018 BTH - Machine Learning mit Python\\Perez_Granger-2007-IPython.pdf},
  keywords = {base,ipython,scipy},
  number = {3}
}

@article{Perez_PythonEcosystem_2011,
  title = {Python: An Ecosystem for Scientific Computing},
  shorttitle = {Python},
  author = {Perez, Fernando and Granger, Brian E. and Hunter, John D.},
  date = {2011-03},
  journaltitle = {Computing in Science \& Engineering},
  volume = {13},
  pages = {13--21},
  issn = {1521-9615},
  doi = {10.1109/MCSE.2010.119},
  url = {http://ieeexplore.ieee.org/document/5582063/},
  urldate = {2018-01-30},
  file = {C\:\\Users\\p\\Nextcloud\\Bibliothek\\Zotero Lib\\2018 BTH - Machine Learning mit Python\\Perez et al-2011-Python.pdf},
  keywords = {base,ipython,matplotlib,numpy,scikits,scipy},
  number = {2}
}

@book{Poincare_ScienceMethode_1947,
  title = {Science et méthode},
  author = {Poincaré, Henri},
  date = {1947},
  origdate = {1908},
  publisher = {{Flammarion}},
  location = {{Paris}},
  url = {http://jubilotheque.upmc.fr/fonds-physchim/PC_000305_001/document.pdf?name=PC_000305_001_pdf.pdf},
  file = {C\:\\Users\\p\\Nextcloud\\Bibliothek\\Zotero Lib\\2018 BTH - Machine Learning mit Python\\Poincaré-1947-Science et Méthode.pdf},
  langid = {french},
  origlocation = {{Paris}},
  origpublisher = {{Flammarion}},
  series = {Bibliothèque de Philosophie Scientifique}
}

@book{Press_NumericalRecipes_2007,
  title = {Numerical Recipes: The Art of Scientific Computing},
  shorttitle = {Numerical {{Recipes}}},
  author = {Press, William H. and Teukolsky, Saul A. and Vetterling, William T. and Flannery, Brian P.},
  date = {2007},
  edition = {3},
  publisher = {{Cambridge University Press}},
  location = {{Cambridge}},
  file = {C\:\\Users\\p\\Nextcloud\\Bibliothek\\Zotero Lib\\2018 BTH - Machine Learning mit Python\\Press et al-2007-Numerical Recipes.pdf},
  isbn = {978-0-511-33555-6},
  keywords = {books},
  pagetotal = {1235}
}

@article{Ramachandran_Mayavi3D_2011,
  title = {Mayavi: {{3D}} Visualization of Scientific Data},
  shorttitle = {Mayavi},
  author = {Ramachandran, Prabhu and Varoquaux, Gael},
  date = {2011-03},
  journaltitle = {Computing in Science \& Engineering},
  volume = {13},
  pages = {40--51},
  issn = {1521-9615},
  doi = {10.1109/MCSE.2011.35},
  url = {http://ieeexplore.ieee.org/document/5725237/},
  urldate = {2018-01-30},
  file = {C\:\\Users\\p\\Nextcloud\\Bibliothek\\Zotero Lib\\2018 BTH - Machine Learning mit Python\\Ramachandran_Varoquaux-2011-Mayavi.pdf},
  keywords = {base,ipython,mayavi,numpy,scipy},
  number = {2}
}

@article{Samuel_StudiesMachine_1959,
  title = {Some Studies in Machine Learning Using the Game of Checkers},
  author = {Samuel, Arthur L.},
  date = {1959-07},
  journaltitle = {IBM Journal of Research and Development},
  volume = {3},
  pages = {210--229},
  issn = {0018-8646},
  doi = {10.1147/rd.33.0210},
  url = {http://ieeexplore.ieee.org/document/5392560/},
  urldate = {2018-01-14},
  file = {C\:\\Users\\p\\Nextcloud\\Bibliothek\\Zotero Lib\\2018 BTH - Machine Learning mit Python\\Samuel-1959-Some Studies in Machine Learning Using the Game of Checkers.pdf},
  number = {3}
}

@article{Schaul_PyBrain_2010,
  title = {{{PyBrain}}},
  author = {Schaul, Tom and Bayer, Justin and Wierstra, Daan and Sun, Yi and Felder, Martin and Sehnke, Frank and Rückstieß, Thomas and Schmidhuber, Jürgen},
  date = {2010-02},
  journaltitle = {J. Mach. Learn. Res.},
  volume = {11},
  pages = {743--746},
  url = {http://www.jmlr.org/papers/v11/schaul10a.html},
  file = {C\:\\Users\\p\\Nextcloud\\Bibliothek\\Zotero Lib\\2018 BTH - Machine Learning mit Python\\Schaul et al-2010-PyBrain.pdf},
  keywords = {packages}
}

@article{Schmidhuber_DeepLearning_2015,
  title = {Deep Learning in Neural Networks: {{An}} Overview},
  shorttitle = {Deep Learning in Neural Networks},
  author = {Schmidhuber, Jürgen},
  date = {2015-01},
  journaltitle = {Neural Networks},
  volume = {61},
  pages = {85--117},
  issn = {08936080},
  doi = {10.1016/j.neunet.2014.09.003},
  url = {http://linkinghub.elsevier.com/retrieve/pii/S0893608014002135},
  urldate = {2018-01-31},
  file = {C\:\\Users\\p\\Nextcloud\\Bibliothek\\Zotero Lib\\2018 BTH - Machine Learning mit Python\\Schmidhuber-2015-Deep learning in neural networks.pdf},
  keywords = {_important,base},
  langid = {english}
}

@book{Shalev-Shwartz_UnderstandingMachine_2014,
  title = {Understanding Machine Learning: From Theory to Algorithms},
  shorttitle = {Understanding Machine Learning},
  author = {Shalev-Shwartz, Shai and Ben-David, Shai},
  date = {2014},
  publisher = {{Cambridge University Press}},
  location = {{New York, NY}},
  file = {C\:\\Users\\p\\Nextcloud\\Bibliothek\\Zotero Lib\\2018 BTH - Machine Learning mit Python\\Shalev-Shwartz_Ben-David-2014-Understanding machine learning.pdf},
  isbn = {978-1-107-05713-5},
  keywords = {base},
  pagetotal = {397}
}

@inproceedings{Shi_BenchmarkingStateoftheart_2016,
  title = {Benchmarking State-of-the-Art Deep Learning Software Tools},
  booktitle = {2016 7th {{International Conference}} on {{Cloud Computing}} and {{Big Data}} ({{CCBD}})},
  author = {Shi, Shaohuai and Wang, Qiang and Xu, Pengfei and Chu, Xiaowen},
  date = {2016-11},
  pages = {99--104},
  doi = {10.1109/CCBD.2016.029},
  eventtitle = {2016 7th {{International Conference}} on {{Cloud Computing}} and {{Big Data}} ({{CCBD}})},
  file = {C\:\\Users\\p\\Nextcloud\\Bibliothek\\Zotero Lib\\2018 BTH - Machine Learning mit Python\\Shi et al-2016-Benchmarking State-of-the-Art Deep Learning Software Tools.pdf;C\:\\Users\\p\\Zotero\\storage\\G6REKM2I\\7979887.html},
  keywords = {caffe,cntk,comparison,tensorflow,torch}
}

@article{Sonnenburg_SHOGUNMachine_2010,
  title = {The {{SHOGUN}} Machine Learning Toolbox},
  author = {Sonnenburg, Sören and Rätsch, Gunnar and Henschel, Sebastian and Widmer, Christian and Behr, Jonas and Zien, Alexander and family=Bona, given=Fabio, prefix=de, useprefix=false and Binder, Alexander and Gehl, Christian and Franc, Vojtěch},
  date = {2010-06},
  journaltitle = {J. Mach. Learn. Res.},
  volume = {11},
  pages = {1799--1802},
  file = {C\:\\Users\\p\\Nextcloud\\Bibliothek\\Zotero Lib\\2018 BTH - Machine Learning mit Python\\Sonnenburg et al-2010-The SHOGUN machine learning toolbox.pdf},
  keywords = {packages}
}

@article{Sonnenburg_ShoguntoolboxshogunShogun_2017,
  title = {Shogun-Toolbox/Shogun: {{Shogun}} 6.1.0},
  shorttitle = {Shogun-Toolbox/Shogun},
  author = {Sonnenburg, Soeren and Strathmann, Heiko and Lisitsyn, Sergey and Gal, Viktor and García, Fernando J. Iglesias and Lin, Wu and De, Soumyajit and Zhang, Chiyuan and {frx} and {tklein23} and Andreev, Evgeniy and JonasBehr and {sploving} and Mazumdar, Parijat and Widmer, Christian and {Pan Deng / Zora} and Toni, Giovanni De and Mahindre, Saurabh and Kislay, Abhijeet and Hughes, Kevin and Votyakov, Roman and {khalednasr} and Sharma, Sanuj and Novik, Alesis and Panda, Abinash and Anagnostopoulos, Evangelos and Pang, Liang and Binder, Alex and {serialhex} and Esser, Björn},
  date = {2017-11-28},
  journaltitle = {Zenodo},
  doi = {10.5281/zenodo.1067840},
  url = {https://zenodo.org/record/1067840},
  urldate = {2018-02-01},
  file = {C\:\\Users\\p\\Zotero\\storage\\6AIAMZ4T\\1067840.html},
  keywords = {software-cite},
  langid = {english},
  note = {\{doi:10.5281/zenodo.1067840\}}
}

@inproceedings{Tokui_ChainerNextgeneration_2015,
  title = {Chainer: A next-Generation Open Source Framework for Deep Learning},
  shorttitle = {Chainer},
  booktitle = {Proceedings of Workshop on Machine Learning Systems ({{LearningSys}}) in the Twenty-Ninth Annual Conference on Neural Information Processing Systems ({{NIPS}})},
  author = {Tokui, Seiya and Oono, Kenta and Hido, Shohei and Clayton, Justin},
  date = {2015},
  volume = {5},
  file = {C\:\\Users\\p\\Nextcloud\\Bibliothek\\Zotero Lib\\2018 BTH - Machine Learning mit Python\\Tokui et al-2015-Chainer.pdf},
  keywords = {chainer,packages}
}

@article{VanderWalt_NumPyArray_2011,
  title = {The {{NumPy}} Array: A Structure for Efficient Numerical Computation},
  shorttitle = {The {{NumPy Array}}},
  author = {family=Walt, given=Stéfan, prefix=van der, useprefix=true and Colbert, S. Chris and Varoquaux, Gaël},
  date = {2011-03},
  journaltitle = {Computing in Science \& Engineering},
  volume = {13},
  pages = {22--30},
  issn = {1521-9615},
  doi = {10.1109/MCSE.2011.37},
  url = {http://ieeexplore.ieee.org/document/5725236/},
  urldate = {2018-01-30},
  file = {C\:\\Users\\p\\Nextcloud\\Bibliothek\\Zotero Lib\\2018 BTH - Machine Learning mit Python\\van der Walt et al-2011-The NumPy Array.pdf},
  keywords = {base,numpy},
  number = {2},
  sortname = {Walt, Stéfan van der}
}

@article{VanderWalt_ScikitImage_2014,
  title = {Scikit-Image: Image Processing in {{Python}}},
  shorttitle = {Scikit-Image},
  author = {family=Walt, given=Stéfan, prefix=van der, useprefix=true and Schönberger, Johannes L. and Nunez-Iglesias, Juan and Boulogne, François and Warner, Joshua D. and Yager, Neil and Gouillart, Emmanuelle and Yu, Tony},
  date = {2014-06-19},
  journaltitle = {PeerJ},
  volume = {2},
  pages = {1--18},
  issn = {2167-8359},
  doi = {10.7717/peerj.453},
  url = {https://peerj.com/articles/453},
  urldate = {2018-01-30},
  file = {C\:\\Users\\p\\Nextcloud\\Bibliothek\\Zotero Lib\\2018 BTH - Machine Learning mit Python\\van der Walt et al-2014-scikit-image.pdf},
  keywords = {packages},
  langid = {english},
  number = {e453}
}

@book{Vapnik_NatureStatistical_2000,
  title = {The Nature of Statistical Learning Theory},
  author = {Vapnik, Vladimir},
  date = {2000},
  edition = {2},
  publisher = {{Springer}},
  location = {{New York, NY}},
  url = {https://www.springer.com/de/book/9780387987804},
  urldate = {2018-03-22},
  file = {C\:\\Users\\p\\Nextcloud\\Bibliothek\\Zotero Lib\\2018 BTH - Machine Learning mit Python\\Vapnik-2000-The Nature of Statistical Learning Theory.pdf;C\:\\Users\\p\\Zotero\\storage\\JBU56VA5\\9780387987804.html},
  isbn = {978-0-387-98780-4},
  keywords = {_important,base},
  langid = {english},
  series = {Information {{Science}} and {{Statistics}}}
}

@article{Vaswani_AttentionAll_2017,
  title = {Attention {{Is All You Need}}},
  author = {Vaswani, Ashish and Shazeer, Noam and Parmar, Niki and Uszkoreit, Jakob and Jones, Llion and Gomez, Aidan N. and Kaiser, Lukasz and Polosukhin, Illia},
  date = {2017-06-12},
  url = {http://arxiv.org/abs/1706.03762},
  urldate = {2019-08-02},
  archivePrefix = {arXiv},
  eprint = {1706.03762},
  eprinttype = {arxiv},
  file = {C\:\\Users\\p\\Nextcloud\\Bibliothek\\Zotero Lib\\2018 BTH - Machine Learning mit Python\\Vaswani et al-2017-Attention Is All You Need.pdf},
  keywords = {base},
  langid = {english},
  primaryClass = {cs}
}

@book{Witten_DataMining_2016,
  title = {Data Mining: Practical Machine Learning Tools and Techniques},
  shorttitle = {Data {{Mining}}},
  author = {Witten, Ian H. and Frank, Eibe and Hall, Mark A. and Pal, Christopher},
  date = {2016-11-17},
  edition = {4},
  publisher = {{Morgan Kaufman}},
  location = {{Amsterdam}},
  file = {C\:\\Users\\p\\Nextcloud\\Bibliothek\\Zotero Lib\\2018 BTH - Machine Learning mit Python\\Witten et al-2016-Data Mining.pdf},
  isbn = {978-0-12-804291-5},
  keywords = {_2018,_bth,_fom,_patrick,applications,base,books},
  pagetotal = {654}
}

@article{Wolpert_LackPriori_1996,
  title = {The Lack of a Priori Distinctions between Learning Algorithms},
  author = {Wolpert, David H.},
  date = {1996-10-01},
  journaltitle = {Neural Computation},
  volume = {8},
  pages = {1341--1390},
  issn = {0899-7667},
  doi = {10.1162/neco.1996.8.7.1341},
  url = {https://doi.org/10.1162/neco.1996.8.7.1341},
  urldate = {2018-03-21},
  file = {C\:\\Users\\p\\Nextcloud\\Bibliothek\\Zotero Lib\\2018 BTH - Machine Learning mit Python\\Wolpert-1996-The Lack of A Priori Distinctions Between Learning Algorithms.pdf;C\:\\Users\\p\\Zotero\\storage\\RQ6KWVW5\\neco.1996.8.7.html},
  keywords = {base},
  number = {7}
}

@report{Yu_IntroductionComputational_2014,
  title = {An Introduction to Computational Networks and the Computational Network Toolkit},
  author = {Yu, Dong and Eversole, Adam and Seltzer, Mike and Yao, Kaisheng and Kuchaiev, Oleksii and Zhang, Yu and Seide, Frank and Huang, Zhiheng and Guenter, Brian and Wang, Huaming and Droppo, Jasha and Zweig, Geoffrey and Rossbach, Chris and Gao, Jie and Stolcke, Andreas and Currey, Jon and Slaney, Malcolm and Chen, Guoguo and Agarwal, Amit and Basoglu, Chris and Padmilac, Marko and Kamenev, Alexey and Ivanov, Vladimir and Cypher, Scott and Parthasarathi, Hari and Mitra, Bhaskar and Peng, Baolin and Huang, Xuedong},
  date = {2014-10},
  institution = {{Microsoft Research}},
  url = {https://www.microsoft.com/en-us/research/publication/an-introduction-to-computational-networks-and-the-computational-network-toolkit/},
  urldate = {2018-01-31},
  file = {C\:\\Users\\p\\Nextcloud\\Bibliothek\\Zotero Lib\\2018 BTH - Machine Learning mit Python\\Yu et al-2014-An Introduction to Computational Networks and the Computational Network Toolkit.pdf},
  keywords = {packages},
  number = {Microsoft Technical Report MSR-TR-2014-112}
}


